%% This BibTeX bibliography file was created using BibDesk.
%% http://bibdesk.sourceforge.net/

%% Created for Steven R. Loomis at 2017-10-26 14:43:41 -0700 


%% Saved with string encoding Unicode (UTF-8) 



@webpage{icuverify,
	Date-Added = {2017-10-26 21:42:42 +0000},
	Date-Modified = {2017-10-26 21:42:49 +0000},
	Lastchecked = {jueves, 26 de octubre de 2017},
	Title = {Verifying Downloads - ICU - International Components for Unicode},
	Url = {https://sites.google.com/site/icusite/download/verification},
	Bdsk-Url-1 = {https://sites.google.com/site/icusite/download/verification}}

@webpage{gnupg,
	Date-Added = {2017-10-26 21:18:23 +0000},
	Date-Modified = {2017-10-26 21:19:14 +0000},
	Lastchecked = {jueves, 26 de octubre de 2017},
	Title = {GnuPG - Support},
	Url = {https://www.gnupg.org/documentation/},
	Bdsk-Url-1 = {https://www.gnupg.org/documentation/}}

@webpage{nodejs-release-binaries,
	Date-Added = {2017-10-26 20:46:40 +0000},
	Date-Modified = {2017-10-26 20:51:14 +0000},
	Lastchecked = {jueves, 26 de octubre de 2017},
	Title = {Node.js README},
	Url = {https://github.com/nodejs/node/blob/master/README.md#verifying-binaries},
	Bdsk-Url-1 = {https://github.com/nodejs/node/blob/master/README.md#verifying-binaries}}

@url{apache-release-signing,
	Date-Added = {2017-10-26 20:42:26 +0000},
	Date-Modified = {2017-10-26 20:50:40 +0000},
	Lastchecked = {jueves, 26 de octubre de 2017},
	Title = {Apache Release Signing},
	Url = {https://www.apache.org/dev/release-signing.html},
	Bdsk-Url-1 = {https://www.apache.org/dev/release-signing.html}}

@webpage{spotify2013,
	Date-Added = {2017-10-26 20:31:54 +0000},
	Date-Modified = {2017-10-26 20:37:55 +0000},
	Lastchecked = {jueves, 26 de octubre de 2017},
	Title = {Creative usernames and Spotify account hijacking},
	Url = {https://labs.spotify.com/2013/06/18/creative-usernames/},
	Bdsk-Url-1 = {https://labs.spotify.com/2013/06/18/creative-usernames/}}

@online{AlCaponeMilk,
	Author = {Al Zagofsky},
	Title = {Milk Dates, courtesy Al Capone},
	Url = {http://www.carboncountymagazine.com/CarbonCountyMagazine/2011/2011-08/Articles/Article4.html},
	Year = {2011},
	Bdsk-Url-1 = {http://www.carboncountymagazine.com/CarbonCountyMagazine/2011/2011-08/Articles/Article4.html}}

@online{UnicodeFAQEmoji,
	Author = {{The Unicode Consortium}},
	Shortauthor = {Unicode},
	Title = {Frequently Asked Questions, Emoji and Dingbats},
	Url = {http://unicode.org/faq/emoji_dingbats.html},
	Year = {2016},
	Bdsk-Url-1 = {http://unicode.org/faq/emoji_dingbats.html}}

@online{UTR51,
	Editor = {Davis, Mark and Edberg, Peter},
	Title = {Unicode Technical Report 51: Unicode Emoji},
	Url = {http://www.unicode.org/reports/tr51/},
	Year = {2015},
	Bdsk-Url-1 = {http://www.unicode.org/reports/tr51/}}

@online{UTR52,
	Editor = {Davis, Mark and Edberg, Peter},
	Title = {Unicode Technical Report 52: Unicode Emoji Mechanisms},
	Url = {http://www.unicode.org/reports/tr52/},
	Year = {2016},
	Bdsk-Url-1 = {http://www.unicode.org/reports/tr52/}}

@online{L216226,
	Author = {Davis, Mark and Edberg, Peter},
	Title = {L2/16-226: Reactivate UTS 52 mechanism in reduced form},
	Url = {http://www.unicode.org/cgi-bin/GetMatchingDocs.pl?L2/16-226},
	Year = {2016},
	Bdsk-Url-1 = {http://www.unicode.org/cgi-bin/GetMatchingDocs.pl?L2/16-226}}

@online{L216105,
	Author = {Loomis, Steven and Winstein, Keith and Lee, Jennifer},
	Title = {L2/16-105: Coded Hashes of Arbitrary Images},
	Url = {http://www.unicode.org/L2/L2016/16105-unicode-image-hash.pdf},
	Year = {2016},
	Bdsk-Url-1 = {http://www.unicode.org/L2/L2016/16105-unicode-image-hash.pdf}}

@online{EmojiCandidates,
	Author = {{The Unicode Consortium}},
	Shortauthor = {Unicode},
	Title = {Emoji Candidates},
	Url = {http://unicode.org/emoji/charts/emoji-candidates.html},
	Year = {2016},
	Bdsk-Url-1 = {http://unicode.org/emoji/charts/emoji-candidates.html}}

@article{EmojiVarying,
	Author = {Miller, Hannah and Thebault-Spieker, Jacob and Chang, Shuo and Johnson, Isaac and Terveen, Loren and Hecht, Brent},
	Journaltitle = {ICWSM '16},
	Title = {`Blissfully happy' or `ready to fight': Varying Interpretations of Emoji},
	Url = {http://grouplens.org/site-content/uploads/ICWSM16_Emoji-Final_Version.pdf},
	Year = {2016},
	Bdsk-Url-1 = {http://grouplens.org/site-content/uploads/ICWSM16_Emoji-Final_Version.pdf}}
